<record><leader>00000cas a22000007  4500</leader><controlfield tag="001">6518405</controlfield><controlfield tag="008">800716d19801983vautr n       0    0eng d</controlfield><datafield ind1=" " ind2=" " tag="010"><subfield code="a">sn 97067012 </subfield></datafield><datafield ind1=" " ind2=" " tag="040"><subfield code="a">VWM</subfield><subfield code="b">eng</subfield><subfield code="c">VWM</subfield><subfield code="d">NVK</subfield><subfield code="d">OCLCQ</subfield><subfield code="d">OCLCF</subfield><subfield code="d">OCLCO</subfield></datafield><datafield ind1="1" ind2=" " tag="029"><subfield code="a">AU@</subfield><subfield code="b">000025924049</subfield></datafield><datafield ind1=" " ind2=" " tag="037"><subfield code="b">P.O. Box 419, 23185</subfield></datafield><datafield ind1=" " ind2=" " tag="042"><subfield code="a">msc</subfield></datafield><datafield ind1=" " ind2=" " tag="043"><subfield code="a">n-us-va</subfield></datafield><datafield ind1=" " ind2=" " tag="090"><subfield code="a">F234.W7</subfield><subfield code="b">W74</subfield></datafield><datafield ind1="0" ind2="0" tag="245"><subfield code="a">Williamsburg's publick observer.</subfield></datafield><datafield ind1=" " ind2=" " tag="260"><subfield code="a">Williamsburg, Va.,</subfield><subfield code="b">Virginia Gazette.</subfield></datafield><datafield ind1=" " ind2=" " tag="300"><subfield code="a">v.</subfield><subfield code="b">ill.</subfield><subfield code="c">40 cm.</subfield></datafield><datafield ind1="0" ind2=" " tag="362"><subfield code="a">April 1980-</subfield></datafield><datafield ind1=" " ind2="0" tag="651"><subfield code="a">Williamsburg (Va.)</subfield><subfield code="v">Newspapers.</subfield></datafield><datafield ind1=" " ind2="0" tag="651"><subfield code="a">Virginia</subfield><subfield code="x">History</subfield><subfield code="v">Newspapers.</subfield></datafield><datafield ind1=" " ind2="7" tag="655"><subfield code="a">History.</subfield><subfield code="2">fast</subfield><subfield code="0">(OCoLC)fst01411628</subfield></datafield><datafield ind1=" " ind2="7" tag="655"><subfield code="a">Newspapers.</subfield><subfield code="2">fast</subfield><subfield code="0">(OCoLC)fst01423814</subfield></datafield><datafield ind1=" " ind2="7" tag="651"><subfield code="a">Virginia.</subfield><subfield code="2">fast</subfield><subfield code="0">(OCoLC)fst01204597</subfield></datafield><datafield ind1=" " ind2="7" tag="651"><subfield code="a">Virginia</subfield><subfield code="z">Williamsburg.</subfield><subfield code="2">fast</subfield><subfield code="0">(OCoLC)fst01205036</subfield></datafield><datafield ind1=" " ind2=" " tag="752"><subfield code="a">United States</subfield><subfield code="b">Virginia</subfield><subfield code="d">Williamsburg.</subfield></datafield><datafield ind1="0" ind2=" " tag="772"><subfield code="t">Virginia gazette (Williamsburg, Va. : 1930)</subfield><subfield code="w">(DLC)sn 78001797</subfield></datafield><datafield ind1="0" ind2="2" tag="780"><subfield code="t">Publick observer</subfield></datafield><datafield ind1=" " ind2=" " tag="936"><subfield code="a">April 1980</subfield></datafield></record>